@ARTICLE{A,
author={Hui Liu and Darabi, H. and Banerjee, P. and Jing Liu},
journal={Systems, Man, and Cybernetics, Part C: Applications and Reviews, IEEE Transactions on},
title={Survey of Wireless Indoor Positioning Techniques and Systems},
year={2007},
volume={37},
number={6},
pages={1067-1080},
keywords={indoor radio;radiowave propagation;location fingerprinting;wireless indoor positioning technique;Automation;Costs;Fingerprint recognition;Image analysis;Inventory management;Object detection;Radio frequency;Robustness;Scalability;Wireless sensor networks;Indoor location sensing;location fingerprinting;positioning algorithm;radio frequency (RF);wireless localization},
doi={10.1109/TSMCC.2007.905750},
ISSN={1094-6977},
month={Nov},}

@ARTICLE{B,
author={Yanying Gu and Lo, A. and Niemegeers, I.},
journal={Communications Surveys Tutorials, IEEE},
title={A survey of indoor positioning systems for wireless personal networks},
year={2009},
volume={11},
number={1},
pages={13-32},
keywords={personal area networks;protocols;commercial products;indoor positioning systems;location-aware services;location-based protocols;research-oriented solutions;user applications;wireless personal networks;Availability;Context-aware services;Global Positioning System;Hospitals;Indoor environments;Infrared sensors;Navigation;Protocols;Radiofrequency identification;Wireless networks;Personal Networks, Indoor Positioning Systems, Location Techniques},
doi={10.1109/SURV.2009.090103},
ISSN={1553-877X},
month={Jan},}

@ARTICLE{C,
author={Vossiek, M. and Wiebking, L. and Gulden, P. and Wieghardt, J. and Hoffmann, C. and Heide, P.},
journal={Microwave Magazine, IEEE},
title={Wireless local positioning},
year={2003},
volume={4},
number={4},
pages={77-86},
keywords={Global Positioning System;cellular radio;radio access networks;ubiquitous computing;wireless LAN;context dependent information services;location sensitive billing;self-organizing sensor networks;tracking;transponder systems;ubiquitous computing;wireless data transmission;wireless local positioning;wireless systems;Context-aware services;Data communication;Data security;Information security;Measurement units;Transmitters;Transponders;Ubiquitous computing;Uncertainty;Wireless sensor networks},
doi={10.1109/MMW.2003.1266069},
ISSN={1527-3342},
month={Dec},}

@article{D,
author = { Kevin   Curran  and  Eoghan   Furey  and  Tom   Lunney  and  Jose   Santos  and  Derek   Woods  and  Aiden   McCaughey },
title = {An evaluation of indoor location determination technologies},
journal = {Journal of Location Based Services},
volume = {5},
number = {2},
pages = {61-78},
year = {2011},
doi = {10.1080/17489725.2011.562927},

URL = { 
        http://dx.doi.org/10.1080/17489725.2011.562927
    
},
eprint = { 
        http://dx.doi.org/10.1080/17489725.2011.562927
    }
}

@ARTICLE{F,
author={Saab, S.S and Nakad, Z.S. },
journal={Industrial Electronics, IEEE Transactions on},
title={A Standalone RFID Indoor Positioning System Using Passive Tags},
year={2011},
volume={58},
number={5},
pages={1961-1970},
keywords={Kalman filters;iterative methods;radiofrequency identification;radionavigation;Kalman filter;RFID indoor positioning system;backscattered signal power measurement;iterative procedure;location estimation;optical tracking;passive tags;radio frequency identification technology;signal strength information measurement;tag-path position database;tag-reader angle-path loss estimation;ultrasound;wireless concepts;Buildings;Global Positioning System;Hospitals;Iterative algorithms;Optical filters;Position measurement;Power measurement;Production facilities;Radiofrequency identification;Ultrasonic imaging;Indoor positioning system (IPS);Kalman filter;localization},
doi={10.1109/TIE.2010.2055774},
ISSN={0278-0046},
month={May}}

@article{E,
 author = {Ni, Lionel M. and Liu, Yunhao and Lau, Yiu Cho and Patil, Abhishek P.},
 title = {LANDMARC: Indoor Location Sensing Using Active RFID},
 journal = {Wirel. Netw.},
 issue_date = {November 2004},
 volume = {10},
 number = {6},
 month = nov,
 year = {2004},
 issn = {1022-0038},
 pages = {701--710},
 numpages = {10},
 url = {http://dx.doi.org/10.1023/B:WINE.0000044029.06344.dd},
 doi = {10.1023/B:WINE.0000044029.06344.dd},
 acmid = {1035686},
 publisher = {Springer-Verlag New York, Inc.},
 address = {Secaucus, NJ, USA},
 keywords = {RFID, location-aware computing, sensing network, signal strength, wireless communication},
}

@INPROCEEDINGS{G,
    author = {Binghao Li and James Salter and Andrew G. Dempster and Chris Rizos},
    title = { Indoor positioning techniques based on wireless LAN},
    booktitle = {LAN, FIRST IEEE INTERNATIONAL CONFERENCE ON WIRELESS BROADBAND AND ULTRA WIDEBAND COMMUNICATIONS},
    year = {2006},
    pages = {13--16},
    doi={10.1.1.72.1265},
    publisher = {}
}
@INPROCEEDINGS{H,
author={Bahl, P. and Padmanabhan, V.N.},
booktitle={INFOCOM 2000. Nineteenth Annual Joint Conference of the IEEE Computer and Communications Societies. Proceedings. IEEE},
title={RADAR: an in-building RF-based user location and tracking system},
year={2000},
volume={2},
pages={775-784 vol.2},
keywords={mobile computing;radio tracking;radiowave propagation;signal processing;wireless LAN;RADAR;RF-based tracking system;in-building tracking system;local-area wireless networks;location-aware systems;mobile computing devices;multiple base stations;overlapping coverage;signal propagation modeling;signal strength processing;user location;Base stations;Computer networks;Global Positioning System;Mobile computing;Radar signal processing;Radar tracking;Radio frequency;Signal processing;Wireless LAN;Wireless networks},
doi={10.1109/INFCOM.2000.832252},
ISSN={0743-166X},
month={},}

@inproceedings{BLE,
  title={An analysis of the accuracy of bluetooth low energy for indoor positioning applications},
  author={Faragher, Ramsey and Harle, R},
  booktitle={Proceedings of the 27th International Technical Meeting of the Satellite Division of the Institute of Navigation (ION GNSS+'14)},
  year={2014}
}
@article{ibeacon,
  title={An ibeacon-based indoor positioning systems for hospitals},
  author={Yang, Jingjing and Wang, Zhihui and Zhang, Xiao},
  journal={International Journal of Smart Home},
  volume={9},
  number={7},
  pages={161--168},
  year={2015}
}

@inproceedings{bluesentinel,
  title={BlueSentinel: a first approach using iBeacon for an energy efficient occupancy detection system.},
  author={Conte, Giorgio and De Marchi, Massimo and Nacci, Alessandro Antonio and Rana, Vincenzo and Sciuto, Donatella},
  booktitle={BuildSys@ SenSys},
  pages={11--19},
  year={2014}
}
@article{VLCA,
  title={Indoor positioning algorithm using light-emitting diode visible light communications},
  author={Zhou, Zhou and Kavehrad, Mohsen and Deng, Peng},
  journal={Optical Engineering},
  volume={51},
  number={8},
  pages={085009--1},
  year={2012},
  publisher={International Society for Optics and Photonics}
}
@inproceedings{VLCB,
  title={Luxapose: Indoor positioning with mobile phones and visible light},
  author={Kuo, Ye-Sheng and Pannuto, Pat and Hsiao, Ko-Jen and Dutta, Prabal},
  booktitle={Proceedings of the 20th annual international conference on Mobile computing and networking},
  pages={447--458},
  year={2014},
  organization={ACM}
}
@inproceedings{IMU,
  title={Indoor positioning system using accelerometry and high accuracy heading sensors},
  author={Collin, Jussi and Mezentsev, Oleg and Lachapelle, G{\'e}rard and others},
  booktitle={Proc. of ION GPS/GNSS 2003 Conference},
  pages={9--12},
  year={2003}
}
@misc{hg1700,
  title = {Honeywell Aerospace verkkosivut},
  howpublished = {\url{https://aerospace.honeywell.com/products/navigation-and-sensors/hg1700}},
  note = {Accessed: 2016-02-18}
}
